<?xml version="1.0" encoding="UTF-8"?><collection xmlns="http://www.loc.gov/MARC21/slim"><record><leader>00356nam--2200121-i-4500</leader><controlfield tag="001">000007679</controlfield><controlfield tag="002">20161230</controlfield><controlfield tag="005">20161230201027</controlfield><controlfield tag="008">060222s1000------------r-----000-0-eng-d</controlfield><datafield ind1=" " ind2=" " tag="100"><subfield code="a">De Jong, A.And Van Der Laan, P.C.T</subfield></datafield><datafield ind1=" " ind2=" " tag="245"><subfield code="a">Some properties of a high current spark gap</subfield></datafield><datafield ind1=" " ind2=" " tag="260"><subfield code="a">Rijnhuizen, Instituut Voor Plasma-fysica, 1963 9p.+ 7 Fig</subfield></datafield><datafield ind1=" " ind2=" " tag="852"><subfield code="a">24230</subfield></datafield></record></collection>